@misc{wang2025kimina-preview,
  title={Kimina-Prover Preview: Towards Large Formal Reasoning Models with Reinforcement Learning},
  author={H. Wang and M. Unsal and X. Lin and M. Baksys and J. Liu and M.D Santos and F. Sung and M. Vinyes and et al.},
  year={2025},
  eprint={2504.11354},
  archivePrefix={arXiv},
  primaryClass={cs.LG}
}
