@misc{santos2025kimina,
  title={Kimina Lean Server: Technical Report},
  author={M.D Santos and H. Wang and H. de Saxc√© and R. Wang and M. Baksys and M. Unsal and J. Liu and et al.},
  year={2025},
  eprint={2504.21230},
  archivePrefix={arXiv},
  primaryClass={cs.LG}
}
