@misc{wang2025kimina,
  title={Kimina-Prover: Applying Test-time RL Search on Large Formal Reasoning Models},
  author={H. Wang and M. Unsal and X. Lin and M. Baksys and J. Liu and M.D Santos and F. Sung and M. Vinyes and et al.},
  year={2025},
  url={https://huggingface.co/blog/AI-MO/kimina-prover},
  note={HuggingFace Blog}
}
