@misc{baksys2021number,
 archiveprefix = {arXiv},
 author = {Mantas Baksys and Xuanang Chen},
 eprint = {2109.08485},
 primaryclass = {math.CO},
 title = {On number of different sized induced subgraphs of Bipartite-Ramsey graphs},
 year = {2021}
}
