@article{DBLP:journals/corr/abs-2202-01344,
 author = {Stanislas Polu and
Jesse Michael Han and
Kunhao Zheng and
Mantas Baksys and
Igor Babuschkin and
Ilya Sutskever},
 bibsource = {dblp computer science bibliography, https://dblp.org},
 biburl = {https://dblp.org/rec/journals/corr/abs-2202-01344.bib},
 eprint = {2202.01344},
 eprinttype = {arXiv},
 journal = {CoRR},
 timestamp = {Wed, 09 Feb 2022 15:43:35 +0100},
 title = {Formal Mathematics Statement Curriculum Learning},
 url = {https://arxiv.org/abs/2202.01344},
 volume = {abs/2202.01344},
 year = {2022}
}
